@article{bahdanau2014neural,
  title={Neural machine translation by jointly learning to align and translate},
  author={Bahdanau, Dzmitry and Cho, Kyunghyun and Bengio, Yoshua},
  journal={arXiv preprint arXiv:1409.0473},
  year={2014}
}

@article{lison2016opensubtitles2016,
  title={Opensubtitles2016: Extracting large parallel corpora from movie and tv subtitles},
  author={Lison, Pierre and Tiedemann, J{\"o}rg},
  journal={Proceedings of the Tenth International Conference on Language Resources and Evaluation ({LREC}'16)},
  year={2016},
  publisher={European Language Resources Association}
}

@article{sennrich2015neural,
  title={Neural machine translation of rare words with subword units},
  author={Sennrich, Rico and Haddow, Barry and Birch, Alexandra},
  journal={arXiv preprint arXiv:1508.07909},
  year={2015}
}